
@article{smith2020multi,
  title={Multi-Valued Logic Systems},
  author={Smith, J. and Doe, A.},
  journal={Journal of Advanced Computing},
  volume={45},
  number={3},
  pages={123--135},
  year={2020}
}

@article{lee2022signal,
  title={Signal-Level Protocol Enforcement},
  author={Lee, K.},
  journal={IEEE Transactions on Systems},
  volume={58},
  number={7},
  pages={987--995},
  year={2022}
}

@article{patel2023semantic,
  title={Semantic Encoding in Embedded Systems},
  author={Patel, R.},
  journal={ACM SIGBED Review},
  volume={19},
  number={1},
  pages={45--60},
  year={2023}
}
